@inproceedings{
blacher2024einsum,
title={Einsum Benchmark: Enabling the Development of Next-Generation Tensor Execution Engines},
author={Mark Blacher and Christoph Staudt and Julien Klaus and Maurice Wenig and Niklas Merk and Alexander Breuer and Max Engel and S{\"o}ren Laue and Joachim Giesen},
booktitle={The Thirty-eight Conference on Neural Information Processing Systems Datasets and Benchmarks Track},
year={2024},
url={https://openreview.net/forum?id=tllpLtt14h}
}

@article{springer,
  author       = {Paul Springer and
                  Paolo Bientinesi},
  title        = {Design of a high-performance GEMM-like Tensor-Tensor Multiplication},
  journal      = {CoRR},
  volume       = {abs/1607.00145},
  year         = {2016},
  url          = {http://arxiv.org/abs/1607.00145},
  eprinttype    = {arXiv},
  eprint       = {1607.00145},
  timestamp    = {Mon, 13 Aug 2018 16:46:20 +0200},
  biburl       = {https://dblp.org/rec/journals/corr/SpringerB16.bib},
  bibsource    = {dblp computer science bibliography, https://dblp.org}
}

@article{PyTorch,
  author       = {Adam Paszke and
                  Sam Gross and
                  Francisco Massa and
                  Adam Lerer and
                  James Bradbury and
                  Gregory Chanan and
                  Trevor Killeen and
                  Zeming Lin and
                  Natalia Gimelshein and
                  Luca Antiga and
                  Alban Desmaison and
                  Andreas K{\"{o}}pf and
                  Edward Z. Yang and
                  Zach DeVito and
                  Martin Raison and
                  Alykhan Tejani and
                  Sasank Chilamkurthy and
                  Benoit Steiner and
                  Lu Fang and
                  Junjie Bai and
                  Soumith Chintala},
  title        = {PyTorch: An Imperative Style, High-Performance Deep Learning Library},
  journal      = {CoRR},
  volume       = {abs/1912.01703},
  year         = {2019},
  url          = {http://arxiv.org/abs/1912.01703},
  eprinttype    = {arXiv},
  eprint       = {1912.01703},
  timestamp    = {Tue, 02 Nov 2021 15:18:32 +0100},
  biburl       = {https://dblp.org/rec/journals/corr/abs-1912-01703.bib},
  bibsource    = {dblp computer science bibliography, https://dblp.org}
}

@Article{         Numpy,
 title         = {Array programming with {Numpy}},
 author        = {Charles R. Harris and K. Jarrod Millman and St{\'{e}}fan J.
                 van der Walt and Ralf Gommers and Pauli Virtanen and David
                 Cournapeau and Eric Wieser and Julian Taylor and Sebastian
                 Berg and Nathaniel J. Smith and Robert Kern and Matti Picus
                 and Stephan Hoyer and Marten H. van Kerkwijk and Matthew
                 Brett and Allan Haldane and Jaime Fern{\'{a}}ndez del
                 R{\'{i}}o and Mark Wiebe and Pearu Peterson and Pierre
                 G{\'{e}}rard-Marchant and Kevin Sheppard and Tyler Reddy and
                 Warren Weckesser and Hameer Abbasi and Christoph Gohlke and
                 Travis E. Oliphant},
 year          = {2020},
 month         = sep,
 journal       = {Nature},
 volume        = {585},
 number        = {7825},
 pages         = {357--362},
 doi           = {10.1038/s41586-020-2649-2},
 publisher     = {Springer Science and Business Media {LLC}},
 url           = {https://doi.org/10.1038/s41586-020-2649-2}
}

@article{kjolstad2017taco,
  title={The Tensor Algebra Compiler},
  author={Fredrik Kjolstad and Shoaib Kamil and Stephen Chou and David Lugato and Saman Amarasinghe},
  journal={Proceedings of the ACM on Programming Languages},
  volume={1},
  issue={OOPSLA},
  year={2017},
  month={10}
}

@misc{gray2024einsumbmm,
  author       = {Johnnie Gray},
  title        = {einsum\_bmm},
  year         = {2024},
  howpublished = {\url{https://github.com/jcmgray/einsum_bmm}},
  note         = {Accessed: 2024-03-18}
}

@article{BLAS,
  title={An updated set of basic linear algebra subprograms (BLAS)},
  author={Blackford, L Susan and Petitet, Antoine and Pozo, Roldan and Remington, Karin and Whaley, R Clint and Demmel, James and Dongarra, Jack and Duff, Iain and Hammarling, Sven and Henry, Greg and others},
  journal={ACM Transactions on Mathematical Software},
  volume={28},
  number={2},
  pages={135--151},
  year={2002}
}

@misc{opteinsum,
  author       = {Daniel G. Smith and Johnnie Gray},
  title        = {Optimized einsum},
  year         = {2025},
  howpublished = {\url{https://dgasmith.github.io/opt_einsum/}},
  note         = {Accessed: 2025-03-18}
}

@article{cgreedy,
  author       = {Sheela Orgler and Mark Blacher},
  title        = {Optimizing Tensor Contraction Paths: A Greedy Algorithm Approach With Improved Cost Functions},
  year         = {2024},
  eprint       = {2405.09644},
  archivePrefix= {arXiv},
  primaryClass = {cs.DS},
  url          = {https://arxiv.org/abs/2405.09644}
}

@article{einstein,
  author  = {Albert Einstein},
  title   = {Die Grundlage der allgemeinen Relativit√§tstheorie},
  journal = {Annalen der Physik},
  volume  = {49},
  year    = {1916},
  pages   = {769--822}
}

